%%%%%%%%%%%%%%%%%%%%%%%%%%%%%%%%%%%%%%%%%%%%%%%%
@ARTICLE{553155, 
author={Ming-Syan Chen and Jiawei Han and P. S. Yu}, 
journal={IEEE Transactions on Knowledge and Data Engineering}, 
title={Data mining: an overview from a database perspective}, 
year={1996}, 
volume={8}, 
number={6}, 
pages={866-883}, 
keywords={Internet;deductive databases;generalisation (artificial intelligence);information services;knowledge acquisition;learning (artificial intelligence);pattern matching;reviews;very large databases;Internet;association rules;business opportunities;classification;comparative study;data characterization;data clustering;data cubes;data generalization;data mining;data warehousing;information-providing services;knowledge discovery;large databases;machine learning;multiple-dimensional databases;online services;overview;pattern matching algorithms;user behavior;Business;Data engineering;Data mining;Engineering management;Learning;Power engineering and energy;Power system management;Relational databases;Spatial databases;US Government}, 
doi={10.1109/69.553155}, 
ISSN={1041-4347}, 
month={Dec},}


@ARTICLE{Hssina2014ACS,
  title={A comparative study of decision tree ID3 and C4.5},
  author={Badr Hssina and Abdelkarim Merbouha and Hanane Ezzikouri and Mohammed Erritali},
  year={2014}
}
@ARTICLE{Shukla2013EmpiricalCB,
  title={Empirical Comparison by data mining Classification algorithms ( C 4 . 5 \& C 5 . 0 ) for thyroid cancer data set},
  author={Suneet Kumar Shukla and Anurag Upadhayay},
  year={2013}
}

@ARTICLE{wu2008top,
  title={Top 10 algorithms in data mining},
  author={Wu, Xindong and Kumar, Vipin and Quinlan, J Ross and Ghosh, Joydeep and Yang, Qiang and Motoda, Hiroshi and McLachlan, Geoffrey J and Ng, Angus and Liu, Bing and Philip, S Yu and others},
  journal={Knowledge and information systems},
  volume={14},
  number={1},
  pages={1--37},
  year={2008},
  publisher={Springer}
}


@Article{ref9,
author = {Rakotoarimanana R.S., Rakotoniaina S., Rakotondraompiana S},
title = {Algorithmes à arbre de décision appliqués à la classification d’une image satellite},
journal = {journal des sciences de la terre, Volume 13},
year = {mai 2009},
}


@article{wolpert2002supervised,
  title={The supervised learning no-free-lunch theorems},
  author={Wolpert, David H},
  booktitle={Soft computing and industry},
  pages={25--42},
  year={2002},
  publisher={Springer}
}
@article{dayan1999unsupervised,
  title={Unsupervised learning},
  author={Dayan, Peter and Sahani, Maneesh and Deback, Gr{\'e}goire},
  journal={The MIT encyclopedia of the cognitive sciences},
  year={1999},
  publisher={London: The MIT Press}
}
%%%%%%%%%%%%%%%%%%%%%%%%%%%%%%%%%%%%%%%%
@article{singh2014comparative,
  title={Comparative study ID3, cart and C4. 5 decision tree algorithm: a survey},
  author={Singh, Sonia and Gupta, Priyanka},
  journal={Int J Adv Inf Sci Technol [Internet]},
  volume={27},
  pages={97--103},
  year={2014},
  publisher={Citeseer}
}

@article{salzberg1994c4,
  title={C4. 5: Programs for machine learning by j. ross quinlan. morgan kaufmann publishers, inc., 1993},
  author={Salzberg, Steven L},
  journal={Machine Learning},
  volume={16},
  number={3},
  pages={235--240},
  year={1994},
  publisher={Springer}
}

@article{esposito1997comparative,
  title={A comparative analysis of methods for pruning decision trees},
  author={Esposito, Floriana and Malerba, Donato and Semeraro, Giovanni and Kay, J},
  journal={IEEE transactions on pattern analysis and machine intelligence},
  volume={19},
  number={5},
  pages={476--491},
  year={1997},
  publisher={IEEE}
}

@article{quinlan1987simplifying,
  title={Simplifying decision trees},
  author={Quinlan, J. Ross},
  journal={International journal of man-machine studies},
  volume={27},
  number={3},
  pages={221--234},
  year={1987},
  publisher={Elsevier}
}


@article{wilkinson1992tree,
  title={Tree structured data analysis: AID, CHAID and CART},
  author={Wilkinson, Leland},
  journal={Retrieved February},
  volume={1},
  pages={2008},
  year={1992}
}

@book{quinlan2014c4,
  title={C4. 5: programs for machine learning},
  author={Quinlan, J Ross},
  year={2014},
  publisher={Elsevier}
}

@article{wu2008top,
  title={Top 10 algorithms in data mining},
  author={Wu, Xindong and Kumar, Vipin and Quinlan, J Ross and Ghosh, Joydeep and Yang, Qiang and Motoda, Hiroshi and McLachlan, Geoffrey J and Ng, Angus and Liu, Bing and Philip, S Yu and others},
  journal={Knowledge and information systems},
  volume={14},
  number={1},
  pages={1--37},
  year={2008},
  publisher={Springer}
}

@article{pandya2015c5,
  title={C5. 0 algorithm to improved decision tree with feature selection and reduced error pruning},
  author={Pandya, Rutvija and Pandya, Jayati},
  journal={International Journal of Computer Applications},
  volume={117},
  number={16},
  year={2015},
  publisher={Foundation of Computer Science}
}